@MANUAL{kate,
    title = "The Knapsack Problem and Fully Polynomial Time Approximation Schemes (FPTAS)",
    author = "Katherine Lai",
    url = "http://math.mit.edu/~goemans/18434S06/knapsack-katherine.pdf",
    note = "[cit. 2015-11-06]",
    key = "svg"
}

@BOOK{aibook,
    title = "Artificial Inteligence - A Modern Approach",
    author = {Stuart J. Russell and Peter Norvig},
    year = 1995,
    publisher = {Alan Apt},
    isbn = {0-13-103805-2}
}

@MANUAL{revhttp,
    title = "Reverse HTTP - Specifications",
    organization = "LShift Ltd.",
    year = 2009,
    author = "Tony Garnock-Jones",
    url = "http://reversehttp.net/reverse-http-spec.html",
    note = "[cit. 2011-03-04]"
}


