@MANUAL{kate,
    title = "The Knapsack Problem and Fully Polynomial Time Approximation Schemes (FPTAS)",
    author = "Katherine Lai",
    url = "http://math.mit.edu/~goemans/18434S06/knapsack-katherine.pdf",
    note = "[cit. 2015-11-06]",
    key = "svg"
}

@BOOK{aibook,
    title = "Artificial Inteligence - A Modern Approach",
    year = 1995,
    author = {Stuart J. Russell and Peter Norvig},
    publisher = {Alan Apt},
    isbn = {0-13-103805-2}
}

@MANUAL{selman,
    title = "Stochastic Search and Phase Transitions: AI Meets Physics",
    author = {Bart Selman},
    organization = {AT\&T Bell Laboratories},
    url = "http://www.cs.cornell.edu/selman/compute/95ijcai/ijcai95aiphys.pdf",
    note = "[cit. 2016-01-21]"
}

@MANUAL{satlib,
    title = "SATLIB: An Online Resource for Research on SAT",
    author = {Holger H. Hoos and Thomas St√ºtzle},
    organization = {University of British Columbia},
    url = "http://www.cs.ubc.ca/~hoos/Publ/sat2000-satlib.pdf",
    note = "[cit. 2016-01-23]"
}


