@MANUAL{kate,
    title = "The Knapsack Problem and Fully Polynomial Time Approximation Schemes (FPTAS)",
    author = "Katherine Lai",
    url = "http://math.mit.edu/~goemans/18434S06/knapsack-katherine.pdf",
    note = "[cit. 2015-11-06]",
    key = "svg"
}

@MANUAL{spacebrew,
    title = "Spacebrew - About",
    organization = "Spacebrew",
    url = "http://docs.spacebrew.cc/about/",
    note = "[cit. 2011-03-04]"
}

@MANUAL{revhttp,
    title = "Reverse HTTP - Specifications",
    organization = "LShift Ltd.",
    year = 2009,
    author = "Tony Garnock-Jones",
    url = "http://reversehttp.net/reverse-http-spec.html",
    note = "[cit. 2011-03-04]"
}


